@article{kanwisher1997fusiform,
	author = {Kanwisher, Nancy  and McDermott, Josh  and Chun, Marvin M.},
	title = {The fusiform face area: a module in human extrastriate cortex specialized for face perception},
	journal = {The Journal of Neuroscience},
	uuid = {347F4748-66C0-49E2-9356-2F5004C08E48},
	volume = {17},
	number = {11},
	pages = {4302-4311},
	publisher = {Soc Neuroscience},
	year = {1997},
	sentelink = {file:///Users/Dustin/Documents/Sente/Dustin%27s%20Library/Kanwisher%201997.pdf,Sente,},
	url = {},
	publicationStatus = {Published},
	Google_Scholar_BibTeX_export_key = {pRERccEC1tMJ},
	Citation_identifier = {Kanwisher 1997},
	Web_data_source = {Google Scholar}
}
@article{Haxby:Science:2001,
	author = {Haxby, J. V.  and Gobbini, M. I.  and Furey, M. L.  and Ishai, A.  and Schouten, J. L.  and Pietrini, P.},
	title = {Distributed and overlapping representations of faces and objects in ventral temporal cortex.},
	journal = {Science},
	uuid = {0DEB9DAF-4DF8-4479-B913-597CD0DFAA2E},
	volume = {293},
	number = {5539},
	pages = {2425-30},
	address = {United States},
	year = {2001},
}
